@article{jäger,
author = {Jaeger, Herbert},
year = {2001},
month = {01},
pages = {},
title = {The" echo state" approach to analysing and training recurrent neural networks-with an erratum note'},
volume = {148},
journal = {Bonn, Germany: German National Research Center for Information Technology GMD Technical Report}
}

@misc{ortega,
      title={Echo state networks are universal}, 
      author={Lyudmila Grigoryeva and Juan-Pablo Ortega},
      year={2018},
      eprint={1806.00797},
      archivePrefix={arXiv},
      primaryClass={cs.NE}
}

@ARTICLE{fadingmem,
  author={Boyd, S. and Chua, L.},
  journal={IEEE Transactions on Circuits and Systems}, 
  title={Fading memory and the problem of approximating nonlinear operators with Volterra series}, 
  year={1985},
  volume={32},
  number={11},
  pages={1150-1161},
  doi={10.1109/TCS.1985.1085649}}
  
  @article{echo_index,
   title={The echo index and multistability in input-driven recurrent neural networks},
   volume={412},
   ISSN={0167-2789},
   url={http://dx.doi.org/10.1016/j.physd.2020.132609},
   DOI={10.1016/j.physd.2020.132609},
   journal={Physica D: Nonlinear Phenomena},
   publisher={Elsevier BV},
   author={Ceni, Andrea and Ashwin, Peter and Livi, Lorenzo and Postlethwaite, Claire},
   year={2020},
   month={Nov},
   pages={132609}
}

@article{Manjunath_2020,
   title={Stability and memory-loss go hand-in-hand: three results in dynamics and computation},
   volume={476},
   ISSN={1471-2946},
   url={http://dx.doi.org/10.1098/rspa.2020.0563},
   DOI={10.1098/rspa.2020.0563},
   number={2242},
   journal={Proceedings of the Royal Society A: Mathematical, Physical and Engineering Sciences},
   publisher={The Royal Society},
   author={Manjunath, G.},
   year={2020},
   month={Oct},
   pages={20200563}
}


@misc{grigoryeva2018universal,
      title={Universal discrete-time reservoir computers with stochastic inputs and linear readouts using non-homogeneous state-affine systems}, 
      author={Lyudmila Grigoryeva and Juan-Pablo Ortega},
      year={2018},
      eprint={1712.00754},
      archivePrefix={arXiv},
      primaryClass={cs.NE}
}

@article{maass,
author = {Maass, Wolfgang and Natschläger, Thomas and Markram, Henry},
year = {2002},
month = {12},
pages = {2531-60},
title = {Real-Time Computing Without Stable States: A New Framework for Neural Computation Based on Perturbations},
volume = {14},
journal = {Neural computation},
doi = {10.1162/089976602760407955}
}


@misc{teichmann,
      title={Discrete-time signatures and randomness in reservoir computing}, 
      author={Christa Cuchiero and Lukas Gonon and Lyudmila Grigoryeva and Juan-Pablo Ortega and Josef Teichmann},
      year={2020},
      eprint={2010.14615},
      archivePrefix={arXiv},
      primaryClass={cs.NE}
}

@article{pathdep,
   title={Functional Itô calculus and stochastic integral representation of martingales},
   volume={41},
   ISSN={0091-1798},
   url={http://dx.doi.org/10.1214/11-AOP721},
   DOI={10.1214/11-aop721},
   number={1},
   journal={The Annals of Probability},
   publisher={Institute of Mathematical Statistics},
   author={Cont, Rama and Fournié, David-Antoine},
   year={2013},
   month={Jan}
}

@misc{zumbach,
      title={The Zumbach effect under rough Heston}, 
      author={Omar El Euch and Jim Gatheral and Radoš Radoičić and Mathieu Rosenbaum},
      year={2018},
      eprint={1809.02098},
      archivePrefix={arXiv},
      primaryClass={q-fin.ST}
}

@misc{reinforcement,
      title={Deep Reinforcement Learning for Active High Frequency Trading}, 
      author={Antonio Briola and Jeremy Turiel and Riccardo Marcaccioli and Tomaso Aste},
      year={2021},
      eprint={2101.07107},
      archivePrefix={arXiv},
      primaryClass={cs.LG}
}


@article{hawkes,
author = {Xiaofei Lu and Frédéric Abergel},
title = {High-dimensional Hawkes processes for limit order books: modelling, empirical analysis and numerical calibration},
journal = {Quantitative Finance},
volume = {18},
number = {2},
pages = {249-264},
year  = {2018},
publisher = {Routledge},
doi = {10.1080/14697688.2017.1403142},

URL = { 
        https://doi.org/10.1080/14697688.2017.1403142
    
},
eprint = { 
        https://doi.org/10.1080/14697688.2017.1403142
    
}

}

@article{garch,
   title={GARCH modelling in continuous time for irregularly spaced time series data},
   volume={14},
   ISSN={1350-7265},
   url={http://dx.doi.org/10.3150/07-BEJ6189},
   DOI={10.3150/07-bej6189},
   number={2},
   journal={Bernoulli},
   publisher={Bernoulli Society for Mathematical Statistics and Probability},
   author={Maller, Ross A. and Müller, Gernot and Szimayer, Alex},
   year={2008},
   month={May}
}

@unknown{midprice,
author = {Nousi, Paraskevi and Tsantekidis, Avraam and Passalis, Nikolaos and Ntakaris, Adamantios and Kanniainen, Juho and Tefas, Anastasios and Gabbouj, Moncef and Iosifidis, Alexandros},
year = {2018},
month = {09},
pages = {},
title = {Machine Learning for Forecasting Mid Price Movement using Limit Order Book Data}
}